
@Book{goossens94,
  author = 	 {Michel Goossens and Frank Mittelbach and Alexander Samarin},
  title = 	 {The \LaTeX Companion},
  publisher = 	 {Addison Wesley},
  year = 	 1994
}

@Book{knuth86,
  author = 	 {Donald E. Knuth},
  title = 	 {The \TeX book},
  publisher = 	 {Addison Wesley},
  year = 	 1986,
  volume =	 {A},
  series =	 {Computers and Typesetting}
}

@Book{lamport94,
  author = 	 {Leslie Lamport},
  title = 	 {\LaTeX: A Document Preparation System---User's Guide and Reference Manual},
  publisher = 	 {Addison Wesley},
  year = 	 1994,
  edition =	 {2nd}
}

