@book{ware2013information,
  title={Information visualization: perception for design},
  author={Ware, Colin},
  year={2013},
  publisher={Elsevier}
}

@article{najjar1998principles,
  title={Principles of educational multimedia user interface design},
  author={Najjar, Lawrence J},
  journal={Human Factors: The Journal of the Human Factors and Ergonomics Society},
  volume={40},
  number={2},
  pages={311--323},
  year={1998},
  publisher={SAGE Publications}
}

@article{Biggerstaff1994,
author = {Biggerstaff, TJ},
file = {:Users/arrian/Desktop/COMP4540/Articles/CACMCONCEPTAssignmentProblemWithGlossarySidebarsandBios.pdf:pdf},
journal = {Communications of the ACM},
title = {{Program understanding and the concept assignment problem}},
url = {http://www.softwaregenerators.com/Papers/CACMCONCEPTAssignmentProblemWithGlossarySidebarsandBios.pdf},
year = {1994}
}
